@manual{anleitung,
  author = {TU Dortmund, Physikalisches Praktikum},
  title = {Elektrische Schwankungserscheinungen},
  URL = {http://129.217.224.2/HOMEPAGE/PHYSIKER/MASTER/SKRIPT/V57.pdf},
  year = 2018
}
