@manual{manual,
  author = {TU Dortmund},
  title = {Diode Laser Physics},
  URL = {129.217.224.2/HOMEPAGE/PHYSIKER/MASTER/SKRIPT/Diodenl.pdf},
  year = 2018
}

@manual{manual2,
  author = {TU Dortmund},
  title = {The HeNe laser},
  URL = {129.217.224.2/HOMEPAGE/PHYSIKER/MASTER/SKRIPT/V61.pdf},
  year = 2018
}

@manual{threelevel,
  author = {TU Braunschweig},
  title = {Laser},
  URL = {http://www.pci.tu-bs.de/aggericke/PC4/Kap_III/Laser.htm},
  year = 2018
}
