@manual{anleitung,
  author = {TU Dortmund},
  title = {Der Zeeman-Effekt},
  URL = {http://129.217.224.2/HOMEPAGE/PHYSIKER/MASTER/SKRIPT/V27.pdf.},
  year = 2018
}
