@manual{anleitung,
  author = {TU Dortmund},
  title = {Vermessung und Untersuchung von Silizium-Streifensensoren},
  URL = {http://129.217.224.2/HOMEPAGE/PHYSIKER/MASTER/SKRIPT/SiStreifen.pdf.},
  year = 2018
}
