@manual{anleitung,
  author = {TU Dortmund},
  title = {Schaltungen mit Operationsverst√§rkern},
  URL = {http://129.217.224.2/HOMEPAGE/PHYSIKER/MASTER/SKRIPT/V51.pdf},
  year = 2019
}
