@manual{anleitung,
  author = {TU Dortmund},
  title = {Versuch zum Literaturverzeichnis},
  URL = {www.},
  year = 2016
}

@online{leistungspegel,
  author = {Wikipedia},
  title = {Leistungspegel},
  URL = {https://de.wikipedia.org/wiki/Leistungspegel},
  year = 2018
}
