@manual{anleitung,
  author = {TU Dortmund},
  title = {Versuch V61: Der HeNe-Laser},
  URL = {129.217.224.2/HOMEPAGE/PHYSIKER/MASTER/SKRIPT/V61.pdf},
  year = 2019
}

@manual{laser,
  author = {TU Braunschweig},
  title = {Laser},
  URL = {http://www.pci.tu-bs.de/aggericke/PC4/Kap_III/Laser.htm},
  year = 2019
}

@manual{goettingen,
  author = {Uni GÃ¶ttingen},
  title = {Der Helium-Neon-Laser},
  URL = {https://lp.uni-goettingen.de/get/text/1804},
  year = 2019
}
