@manual{anleitung,
  author = {TU Dortmund},
  title = {Dipolrelaxation in Ionenkristallen},
  URL = {http://129.217.224.2/HOMEPAGE/PHYSIKER/MASTER/SKRIPT/V48.pdf},
  year = 2018
}

@article{wjost,
author = {Seith, W.},
title = {Diffusion und chemische Reaktion in festen Stoffen. Von Wilhelm Jost. Verlag Th. Steinkopf, Dresden 1937},
journal = {Zeitschrift f√ºr Elektrochemie und angewandte physikalische Chemie},
volume = {44},
number = {1},
pages = {120-120},
doi = {10.1002/bbpc.19380440119},
%url = {https://onlinelibrary.wiley.com/doi/abs/10.1002/bbpc.19380440119},
%eprint = {https://onlinelibrary.wiley.com/doi/pdf/10.1002/bbpc.19380440119},
year = {1938}
}
