@manual{anleitung,
  author = {TU Dortmund},
  title = {Lebensdauer der Myonen},
  URL = {http://129.217.224.2/HOMEPAGE/PHYSIKER/MASTER/SKRIPT/V01.pdf.},
  year = 2018
}
